@article{wikes,
 author = {Wilkes, Maurice V.},
 title = {Arithmetic on the EDSAC},
 journal = {IEEE Ann. Hist. Comput.},
 issue_date = {January 1997},
 volume = {19},
 number = {1},
 month = jan,
 year = {1997},
 issn = {1058-6180},
 pages = {13--15},
 numpages = {3},
 url = {https://doi.org/10.1109/85.560726},
 doi = {10.1109/85.560726},
 acmid = {612676},
 publisher = {IEEE Educational Activities Department},
 address = {Piscataway, NJ, USA},
} 

@article{garg_2017, title={Game Of Tic-Tac-Toe: Simulation Using Min-Max Algorithm}, volume={8}, DOI={10.26483/ijarcs.v8i7.4409}, number={7}, journal={International Journal of Advanced Research in Computer Science}, author={Garg, Roopali}, year={2017}, pages={1074–1077}} 

@inproceedings{inproceedings,
author = {Levinson, Robert and Hsu, Feng-hsiung and Marsland, T. Anthony and Schaeffer, Jonathan and Wilkins, David},
year = {1991},
month = {01},
pages = {547-552},
title = {The Role of Chess in Artificial Intelligence Research.}
}

@article{ling_lam_2011, title={Playing Tic-Tac-Toe Using Genetic Neural Network with Double Transfer Functions}, volume={03}, DOI={10.4236/jilsa.2011.31005}, number={01}, journal={Journal of Intelligent Learning Systems and Applications}, author={Ling, Sai Ho and Lam, Hak Keung}, year={2011}, pages={37–44}} 

@article{menkovski_metafas_2008, title={AI Model for Computer games based on Case Based Reasoning and AI Planning}, DOI={10.1145/1413634.1453242}, journal={Proceedings of the 3rd international conference on Digital Interactive Media in Entertainment and Arts - DIMEA 08}, author={Menkovski, Vlado and Metafas, Dimitrios}, year={2008}} 

@article{wolframdemonstrationsproject_2007, title={Tic-Tac-Toe}, DOI={10.3840/07001329}, journal={Wolfram Demonstrations Project}, year={2007}} 

@article{beck, title={Preface}, DOI={10.1017/cbo9780511735202.001}, journal={Combinatorial Games}, author={Beck, Jozsef}, pages={xi-xiv}} 

@unknown{unknown,
author = {Mulyadi, Ferdy},
year = {2018},
month = {04},
pages = {},
title = {AI Analysis for Tic-Tac-Toe Game}
}

@article{fullegaschnigillogly1973, title={ANALYSIS OF THE ALPHA-BETA PRUNING ALGORITHM}, url={http://www-public.imtbs-tsp.eu/~gibson/Teaching/CSC4504/ReadingMaterial/FullerGaschnigGillogly73.pdf}, journal={ANALYSIS OF THE ALPHA-BETA PRUNING ALGORITHM}, author={Fuller, S. H. and Gaschnig, J. G. and Gillogly , J. J.}, year={1973}, month={Jul}}


@article{felstiner2019, title={Alpha-Beta Pruning }, url={https://www.whitman.edu/Documents/Academics/Mathematics/2019/Felstiner-Guichard.pdf}, journal={Alpha-Beta Pruning }, author={Felstiner, Carl}, year={2019}, month={May}}

@article{rivest1987, title={Game tree searching by min/max approximation}, volume={34}, DOI={10.1016/0004-3702(87)90004-x}, number={1}, journal={Artificial Intelligence}, author={Rivest, Ronald L.}, year={1987}, pages={77–96}} 

@inproceedings{boro,
author = {Borovska, Plamenka and Lazarova, Milena},
year = {2007},
month = {01},
pages = {14},
title = {Efficiency of parallel minimax algorithm for game tree search},
volume = {285},
journal = {ACM International Conference Proceeding Series},
doi = {10.1145/1330598.1330615}
}